<record><leader>00000cas a22000007a 4500</leader><controlfield tag="001">15090177</controlfield><controlfield tag="008">870120d1887189uinudn ne      0    0eng d</controlfield><datafield ind1=" " ind2=" " tag="010"><subfield code="a">sn 87055066 </subfield></datafield><datafield ind1=" " ind2=" " tag="040"><subfield code="a">NPI</subfield><subfield code="b">eng</subfield><subfield code="c">NPI</subfield><subfield code="d">OCLCQ</subfield></datafield><datafield ind1=" " ind2=" " tag="042"><subfield code="a">msc</subfield></datafield><datafield ind1="0" ind2="4" tag="082"><subfield code="a">070</subfield></datafield><datafield ind1="0" ind2=" " tag="130"><subfield code="a">Daily chronicle (Marion, Ind. : 1887)</subfield></datafield><datafield ind1="1" ind2="4" tag="245"><subfield code="a">The daily chronicle.</subfield></datafield><datafield ind1=" " ind2=" " tag="260"><subfield code="a">[Marion, Ind.] :</subfield><subfield code="b">Goldthwait &amp; Sanders,</subfield><subfield code="c">1887-</subfield></datafield><datafield ind1=" " ind2=" " tag="310"><subfield code="a">Daily (except Sun.)</subfield></datafield><datafield ind1="0" ind2=" " tag="362"><subfield code="a">Vol. 1, no. 1 (Sept. 12, 1887)-</subfield></datafield><datafield ind1=" " ind2=" " tag="500"><subfield code="a">Publisher from Sept. 13, 1887 issue.</subfield></datafield><datafield ind1=" " ind2=" " tag="580"><subfield code="a">Also published in a weekly ed. called: The Marion chronicle (Marion, Ind. : Weekly : 1879).</subfield></datafield><datafield ind1=" " ind2=" " tag="752"><subfield code="a">United States</subfield><subfield code="b">Indiana</subfield><subfield code="c">Grant</subfield><subfield code="d">Marion.</subfield></datafield><datafield ind1="1" ind2=" " tag="775"><subfield code="t">Marion chronicle (Marion, Ind. : Weekly : 1879)</subfield><subfield code="w">(DLC)sn 87055072</subfield></datafield><datafield ind1="0" ind2="0" tag="785"><subfield code="t">Marion daily chronicle (Marion, Ind. : 1892)</subfield><subfield code="w">(DLC)sn 87055073</subfield></datafield></record>